
	<marc:record>
		<marc:leader>00925njm  22002777a 4500</marc:leader>
		<marc:controlfield tag="001">1239586</marc:controlfield>
		<marc:controlfield tag="005">20061122150459.0</marc:controlfield>
		<marc:controlfield tag="007">ta</marc:controlfield>
		<marc:controlfield tag="008">940804s1994    enka     r    000 0 eng d</marc:controlfield>
		<marc:datafield tag="020" ind1=" " ind2=" ">
			<marc:subfield code="a">0863421709 (pbk.)</marc:subfield>
		</marc:datafield>
		<marc:datafield tag="035" ind1=" " ind2=" ">
			<marc:subfield code="9">CaOWtU01402187</marc:subfield>
		</marc:datafield>
		<marc:datafield tag="039" ind1=" " ind2=" ">
			<marc:subfield code="a">235249869</marc:subfield>
		</marc:datafield>
		<marc:datafield tag="040" ind1=" " ind2=" ">
			<marc:subfield code="a">HLS</marc:subfield>
			<marc:subfield code="b">eng</marc:subfield>
			<marc:subfield code="c">HLS</marc:subfield>
			<marc:subfield code="d">UWW</marc:subfield>
		</marc:datafield>
		<marc:datafield tag="050" ind1=" " ind2="4">
			<marc:subfield code="a">bbbb</marc:subfield>
			<marc:subfield code="b">.O84x no. 150</marc:subfield>
		</marc:datafield>
		<marc:datafield tag="090" ind1=" " ind2=" ">
			<marc:subfield code="a">bbbbb</marc:subfield>
		</marc:datafield>
		<marc:datafield tag="100" ind1="1" ind2=" ">
			<marc:subfield code="a">Rodriguez-Bachiller, Agustin,</marc:subfield>
			<marc:subfield code="d">1942-</marc:subfield>
		</marc:datafield>
		<marc:datafield tag="245" ind1="1" ind2="0">
			<marc:subfield code="a">Programming an ARC-INFO G.I.S. for plan-making with an Arc-Info mini-manual and a listing of the AML program /</marc:subfield>
			<marc:subfield code="c">Agustin Rodriguez-Bachiller.</marc:subfield>
		</marc:datafield>
		<marc:datafield tag="260" ind1=" " ind2=" ">
			<marc:subfield code="a">Oxford :</marc:subfield>
			<marc:subfield code="b">Oxford Brookes University, School of Planning,</marc:subfield>
			<marc:subfield code="c">1994.</marc:subfield>
		</marc:datafield>
		<marc:datafield tag="300" ind1=" " ind2=" ">
			<marc:subfield code="a">102 p. :</marc:subfield>
			<marc:subfield code="b">ill. ;</marc:subfield>
			<marc:subfield code="c">30 cm.</marc:subfield>
		</marc:datafield>
		<marc:datafield tag="490" ind1="1" ind2=" ">
			<marc:subfield code="a">Working paper ;</marc:subfield>
			<marc:subfield code="v">no. 150</marc:subfield>
		</marc:datafield>
		<marc:datafield tag="500" ind1=" " ind2=" ">
			<marc:subfield code="a">&quot;June 1994.&quot;</marc:subfield>
		</marc:datafield>
		<marc:datafield tag="504" ind1=" " ind2=" ">
			<marc:subfield code="a">Includes bibliographical references (p. 19-22)</marc:subfield>
		</marc:datafield>
		<marc:datafield tag="630" ind1="0" ind2="0">
			<marc:subfield code="a">ARC/INFO (Computer program)</marc:subfield>
			<marc:subfield code="x">Handbooks, manuals, etc.</marc:subfield>
		</marc:datafield>
		<marc:datafield tag="650" ind1=" " ind2="0">
			<marc:subfield code="a">Geographic information systems.</marc:subfield>
		</marc:datafield>
		<marc:datafield tag="830" ind1=" " ind2="0">
			<marc:subfield code="a">Working paper (Oxford Brookes University. School of Planning) ;</marc:subfield>
			<marc:subfield code="v">no. 150.</marc:subfield>
		</marc:datafield>
		<marc:datafield tag="901" ind1=" " ind2=" ">
			<marc:subfield code="a">01402187</marc:subfield>
		</marc:datafield>
		<marc:datafield tag="997" ind1=" " ind2=" ">
			<marc:subfield code="a">960704</marc:subfield>
			<marc:subfield code="b">RK</marc:subfield>
			<marc:subfield code="d">00000001500400</marc:subfield>
		</marc:datafield>
	</marc:record>
</marc:collection>